@article{graziotin2014happy,
  title={{Happy Software Developers Solve Problems Better: Psychological Measurements in Empirical Software Engineering}},
  author={Graziotin, Daniel and Wang, Xiaofeng and Abrahamsson, Pekka},
  journal={PeerJ},
  volume={2},
  pages={e289},
  year={2014},
  publisher={PeerJ Inc.}
}

@article{boehm1988understanding,
  title={{Understanding and Controlling Software Costs}},
  author={Boehm, Barry W and Papaccio, Philip N.},
  journal={IEEE transactions on software engineering},
  volume={14},
  number={10},
  pages={1462--1477},
  year={1988},
  publisher={IEEE}
}
@inproceedings{bagherzadeh2019going,
  title={{Going Big: A Large-Scale Study on What Big Data Developers Ask}},
  author={Bagherzadeh, Mehdi and Khatchadourian, Raffi},
  booktitle={Proceedings of the 2019 27th ACM Joint Meeting on European Software Engineering Conference and Symposium on the Foundations of Software Engineering},
  pages={432--442},
  year={2019},
  organization={ACM}
}

@inproceedings{ahmed2018concurrency,
  title={{What Do Concurrency Developers Ask About?A Large-Scale Study Using Stack Overflow}},
  author={Ahmed, Syed and Bagherzadeh, Mehdi},
  booktitle={Proceedings of the 12th ACM/IEEE International Symposium on Empirical Software Engineering and Measurement},
  pages={30},
  year={2018},
  organization={ACM}
}


@article{calefato2018sentiment,
  title={{Sentiment Polarity Detection for Software Development}},
  author={Calefato, Fabio and Lanubile, Filippo and Maiorano, Federico and Novielli, Nicole},
  journal={Empirical Software Engineering},
  volume={23},
  number={3},
  pages={1352--1382},
  year={2018},
  publisher={Springer}
}

@online{stackoverflow2019,
title={{Stack Exchange Dump}},
howpublished  = {\url{https://stackexchange.com/sites?view=list#traffic}},
year={2019},
note = {oct}
	}

@online{IBM2019,
    title    = {{IBM}},
    howpublished = {\url{https://www.ibm.com/analytics/academic-statistical-software}},
    year={2019},
    note = {oct}
    }

@inproceedings{guzman2014sentiment,
  title={{Sentiment Analysis of Commit Comments in GitHub: An Empirical Study}},
  author={Guzman, Emitza and Az{\'o}car, David and Li, Yang},
  booktitle={Proceedings of the 11th Working Conference on Mining Software Repositories},
  pages={352--355},
  year={2014},
  organization={ACM}
}

@inproceedings{sinha2016analyzing,
  title={{Analyzing Developer Sentiment in Commit Logs}},
  author={Sinha, Vinayak and Lazar, Alina and Sharif, Bonita},
  booktitle={Proceedings of the 13th International Conference on Mining Software Repositories},
  pages={520--523},
  year={2016},
  organization={ACM}
}

@inproceedings{ortu2015bullies,
  title={{Are Bullies More Productive? Empirical Study of Affectiveness Vs. Issue Fixing Time}},
  author={Ortu, Marco and Adams, Bram and Destefanis, Giuseppe and Tourani, Parastou and Marchesi, Michele and Tonelli, Roberto},
  booktitle={Proceedings of the 12th Working Conference on Mining Software Repositories},
  pages={303--313},
  year={2015},
  organization={IEEE Press}
}

@inproceedings{souza2017sentiment,
  title={{Sentiment Analysis of Travis CI Builds}},
  author={Souza, Rodrigo and Silva, Bruno},
  booktitle={2017 IEEE/ACM 14th International Conference on Mining Software Repositories (MSR)},
  pages={459--462},
  year={2017},
  organization={IEEE}
}

@inproceedings{garcia2013role,
  title={{The Role of Emotions in Contributors Activity: A Case Study of the GENTOO Community}},
  author={Garcia, David and Zanetti, Marcelo Serrano and Schweitzer, Frank},
  booktitle={2013 International Conference on Cloud and Green Computing},
  pages={410--417},
  year={2013},
  organization={IEEE}
}

@inproceedings{bazelli2013personality,
  title={{On the Personality Traits of StackOverflow Users}},
  author={Bazelli, Blerina and Hindle, Abram and Stroulia, Eleni},
  booktitle={2013 IEEE international conference on software maintenance},
  pages={460--463},
  year={2013},
  organization={IEEE}
}

@inproceedings{murgia2014developers,
  title={{Do Developers Feel Emotions? An Exploratory Analysis of Emotions in Software Artifacts}},
  author={Murgia, Alessandro and Tourani, Parastou and Adams, Bram and Ortu, Marco},
  booktitle={Proceedings of the 11th working conference on mining software repositories},
  pages={262--271},
  year={2014},
  organization={ACM}
}

@inproceedings{rahman2015recommending,
  title={{Recommending Insightful Comments for Source Code Using Crowdsourced Knowledge}},
  author={Rahman, Mohammad Masudur and Roy, Chanchal K and Keivanloo, Iman},
  booktitle={2015 IEEE 15th International Working Conference on Source Code Analysis and Manipulation (SCAM)},
  pages={81--90},
  year={2015},
  organization={IEEE}
}

@inproceedings{zhang2013extracting,
  title={{Extracting Problematic API Features From Forum Discussions}},
  author={Zhang, Yingying and Hou, Daqing},
  booktitle={2013 21st International Conference on Program Comprehension (ICPC)},
  pages={142--151},
  year={2013},
  organization={IEEE}
}

@inproceedings{goul2012managing,
  title={{Managing the Enterprise Business Intelligence App Store: Sentiment Analysis Supported Requirements Engineering}},
  author={Goul, Michael and Marjanovic, Olivera and Baxley, Susan and Vizecky, Karen},
  booktitle={2012 45th Hawaii International Conference on System Sciences},
  pages={4168--4177},
  year={2012},
  organization={IEEE}
}

@inproceedings{panichella2015can,
  title={{How Can I Improve My App? Classifying User Reviews for Software Maintenance and Evolution}},
  author={Panichella, Sebastiano and Di Sorbo, Andrea and Guzman, Emitza and Visaggio, Corrado A and Canfora, Gerardo and Gall, Harald C},
  booktitle={2015 IEEE international conference on software maintenance and evolution (ICSME)},
  pages={281--290},
  year={2015},
  organization={IEEE}
}

@inproceedings{tourani2014monitoring,
  title={{Monitoring Sentiment in Open Source Mailing Lists â€“ Exploratory Study on the Apache Ecosystem}},
  author={Tourani, Parastou and Jiang, Yujuan and Adams, Bram},
  booktitle={Proceedings of 24th annual international conference on computer science and software engineering},
  pages={34--44},
  year={2014},
  organization={IBM Corp.}
}

@article{blei2003latent,
  title={{Latent Dirichlet Allocation}},
  author={Blei, David M and Ng, Andrew Y and Jordan, Michael I},
  journal={Journal of Machine Learning Research},
  volume={3},
  pages={993--1022},
  year={2003}
}


@inproceedings{dyer2013boa,
  author = {{Dyer, Robert and Nguyen, Hoan Anh and Rajan, Hridesh and Nguyen, Tien N.}},
  title = {Boa: A Language and Infrastructure for Analyzing Ultra-Large-Scale Software Repositories},
  booktitle = {35th International Conference on Software Engineering},
  series = {ICSE'13},
  month = {May},
  year = {2013},
  pages = {422--431},
}


@inproceedings{bajaj2014mining,
  title={{Mining Questions Asked by Web Developers}},
  author={Bajaj, Kartik and Pattabiraman, Karthik and Mesbah, Ali},
  booktitle={Proceedings of the 11th Working Conference on Mining Software Repositories},
  pages={112--121},
  year={2014}
}

@inproceedings{nadi2016jumping,
  title={{Jumping Through Hoops: Why Do Java Developers Struggle With Cryptography APIs?}},
  author={Nadi, Sarah and Kr{\"u}ger, Stefan and Mezini, Mira and Bodden, Eric},
  booktitle={Proceedings of the 38th International Conference on Software Engineering},
  pages={935--946},
  year={2016}
}

@article{rosen2016mobile,
  title={{What Are Mobile Developers Asking About? A Large Scale Study Using Stack Overflow}},
  author={Rosen, Christoffer and Shihab, Emad},
  journal={Empirical Software Engineering},
  volume={21},
  number={3},
  pages={1192--1223},
  year={2016},
  publisher={Springer}
  }

@article{yang2016security,
  title={{What Security Questions Do Developers Ask? A Large-Scale Study of Stack Overflow Posts}},
  author={Yang, Xin-Li and Lo, David and Xia, Xin and Wan, Zhi-Yuan and Sun, Jian-Ling},
  journal={Journal of Computer Science and Technology},
  volume={31},
  number={5},
  pages={910--924},
  year={2016},
  publisher={Springer}
}

@inproceedings{pinto2015study,
  title={{A Study on the Most Popular Questions About Concurrent Programming}},
  author={Pinto, Gustavo and Torres, Weslley and Castor, Fernando},
  booktitle={Proceedings of the 6th Workshop on Evaluation and Usability of Programming Languages and Tools},
  pages={39--46},
  year={2015}
}

@inproceedings{treude2011programmers,
  title={{How Do Programmers Ask and Answer Questions on the Web?}},
  author={Treude, Christoph and Barzilay, Ohad and Storey, Margaret-Anne},
  booktitle={Proceedings of the 33rd international conference on software engineering},
  pages={804--807},
  year={2011}
}

@inproceedings{mamykina2011design,
  title={{Design Lessons From the Fastest QA Site in the West}},
  author={Mamykina, Lena and Manoim, Bella and Mittal, Manas and Hripcsak, George and Hartmann, Bj{\"o}rn},
  booktitle={Proceedings of the SIGCHI conference on Human factors in computing systems},
  pages={2857--2866},
  year={2011}
}